2028 2860
151 134 1734 218 mwmfflvmwffiwffiw

148 199 197 271 ’,ἦ
634 199 709 238 ΙΝ
769 198 1252 241 VAT1c1N1A.

148 252 197 350 ᾧ
230 272 292 303 ter
310 275 401 310 eos,
418 275 467 304 ex
481 260 704 322 principio
721 294 735 315 ‚
751 263 793 306 ὅ(
808 257 897 304 fine
919 256 1090 304 suarum
1116 259 1445 321 cogitationum
1461 256 1535 304 fibi
1557 261 1676 304 uiam

228 325 281 367 ad
299 321 638 385 cognoscendos
653 322 823 369 futuros
841 325 979 368 exitus
998 322 1382 382 Rythmomantia
1403 325 1670 388 praestruere.

152 358 201 494 ξ
230 385 541 433 Hancsecutus
565 386 921 451 estAbbasipse,
941 389 1049 432 dum
1064 389 1327 449 quindecim
1352 392 1572 452 imagines
1597 404 1676 451 per

164 459 202 509 ὴξ
230 454 494 513 quindecim
514 468 806 498 numerorum
822 451 1088 497 curriculum
1112 454 1338 515 protraxit.
1358 454 1602 515 ltaque(ut
1615 454 1675 499 est

147 516 198 575 (μὴ
230 519 278 561 in
308 514 506 562 confelso
533 518 651 580 apud
677 519 995 579 omnes)cum
1026 533 1147 562 anno
1183 530 1320 571 1277.
1344 516 1575 580 incepillet
1599 534 1676 581 per

146 571 196 640 ἐξ)
231 583 463 626 interstitia
485 617 498 637 ,
528 580 761 627 interualla
784 585 1028 643 interrupta
1046 615 1059 636 ,
1085 586 1131 626 ὃς
1158 597 1252 625 non
1280 584 1541 626 continuata
1564 581 1672 627 serie

147 639 190 693 Ψ,
230 648 490 707 quindecies
525 646 765 709 multiplici
795 643 1074 708 aggreslione
1103 647 1277 688 numeri
1305 644 1478 690 illarum
1508 645 1673 708 fignifi-

148 676 197 816 (ἒ
228 713 423 755 cationes
449 710 613 755 futuras
640 713 777 765 vidit,
800 711 1157 768 vaticinatusq‘ue
1187 710 1397 771 produxit
1423 746 1435 767 ‚
1463 709 1671 769 sicq‘ueex

167 780 196 820 ζ’
229 779 450 830 numeris,
479 776 500 818 ὲ
524 777 671 838 ptimo
698 776 857 838 impari
881 808 894 828 ‚
923 772 1060 835 usque
1086 775 1140 818 ad
1176 771 1389 818 ultimum
1423 777 1667 837 imparem,

141 856 179 883 a
228 843 398 885 vnitate
429 837 643 884 subtracta
660 875 672 895 ‚
695 841 744 884 in
771 837 814 884 se
843 839 986 882 ductis
1004 873 1016 893 ,
1037 855 1271 883 numerum
1288 839 1584 884 ducentorum
1600 842 1669 884 vi·
1697 849 1729 876 ε*

140 829 191 982 ἒ
226 907 551 967 gintiquinque
569 919 792 948 annorum
807 900 1052 956 conclusit,
1072 905 1119 947 in
1144 901 1306 964 quibus
1321 917 1460 965 quot,
1480 918 1670 965 quanta—

153 988 192 1042 3
228 972 314 1031 q'ue
334 966 649 1031 superuentura
674 965 811 1014 effent
829 969 916 1013 Dei
941 965 1139 1013 Ecclefiae
1155 965 1294 1029 vsque
1317 969 1371 1013 ad
1393 966 1530 1013 finem
1553 971 1671 1014 Pon-

225 1032 411 1078 tificatus
430 1031 675 1078 Alexandri
702 1037 787 1080 VI.
814 1034 1037 1096 praedixit.
1073 1031 1250 1078 Altiora
1278 1032 1552 1096 speculantes
1569 1032 1668 1097 pos.

155 1088 192 1115 θ
221 1096 453 1161 sentplura
471 1100 517 1142 in
545 1099 741 1143 medium
757 1097 908 1144 afferte
924 1115 934 1143 :
953 1095 1185 1161 praesertim
1208 1113 1308 1142 cum
1328 1098 1418 1143 hcec
1440 1097 1537 1143 satis
1557 1115 1666 1144 con-

139 1148 156 1168 ⁶
220 1167 407 1207 ueniant
425 1179 523 1207 cum
540 1161 831 1208 Hebraeorum
859 1164 1100 1208 Secundeis
1121 1198 1134 1218 ,
1151 1161 1240 1207 siue
1265 1162 1665 1225 Intelligentijsre-

138 1245 178 1273 ιι
218 1226 424 1291 gentibus
450 1227 604 1272 orbem
621 1244 838 1289 ,quarum
864 1226 1162 1272 Tritthemius
1181 1231 1364 1291 proprio
1396 1231 1450 1273 de
1470 1231 1522 1290 ijs
1551 1227 1663 1276 libro

137 1306 188 1456 ξ
219 1291 470 1355 conscripto
485 1328 498 1348 ‚
519 1295 757 1348 meminit,
776 1295 956 1337 interim
979 1290 1153 1337 silentio
1182 1294 1428 1355 praeteriens
1444 1295 1661 1353 quidnam

1703 195 1754 344 m

218 1357 497 1412 occultiores,
520 1362 566 1403 &
588 1354 836 1403 secretiores
863 1355 1153 1401 Hebraeomm
1182 1354 1398 1419 sapientes
1422 1354 1509 1401 suis
1531 1361 1661 1405 Ziru-

215 1421 344 1486 phim
357 1419 648 1468 abscondant.
678 1422 808 1468 Certe
825 1420 912 1465 hoc
931 1423 1081 1466 nostro
1100 1422 1273 1465 indicio
1293 1424 1524 1467 veritatem
1541 1427 1660 1471 Vati-

220 1489 328 1548 cinij
345 1485 475 1530 liuius
495 1485 684 1548 quisque
697 1489 863 1550 peritus
879 1521 893 1540 ‚
911 1491 953 1532 ἃ
967 1488 1174 1530 acumine
1187 1484 1363 1549 pollens
1380 1502 1430 1530 ex
1452 1485 1630 1534 historia
1646 1523 1659 1545 ,

219 1565 342 1597 eruet
357 1587 368 1607 ,
390 1555 436 1597 &
452 1550 622 1596 facilius
640 1552 930 1614 praecedentia
952 1550 1175 1612 intelliget
1189 1585 1202 1606 ,
1225 1552 1279 1595 ad
1303 1549 1659 1614 Pseiidomagiiu

217 1633 352 1678 quem
367 1614 1018 1678 insurgitScaliget,stultitiam,
1037 1624 1080 1664 ὃς
1105 1613 1297 1659 haerefim
1315 1624 1661 1674 coarguendam,

215 1686 261 1727 ὃς
281 1682 335 1726 ad
354 1678 508 1726 seriem
526 1678 888 1743 subsequentium
906 1678 1061 1725 clarius
1086 1681 1445 1726 constituendam
1458 1714 1473 1738 ,
1490 1684 1533 1727 δε
1549 1684 1657 1731 faci.

212 1745 296 1793 lius
311 1744 591 1791 enodandam
605 1781 617 1792 .

465 1874 1151 1922 VATICINIVM
1217 1878 1388 1923 XVI.

214 2005 318 2113 C
338 2008 408 2051 Vi
431 2021 461 2050 D
479 2018 510 2049 A
530 2021 567 2050 M
596 2001 814 2050 Anselmo
835 2003 1058 2068 Episcopo
1077 2003 1382 2054 adscribuntur
1401 2006 1654 2072 sequentia,

340 2086 423 2115 nos
455 2068 690 2115 Ioachimo
712 2101 725 2120 ,
755 2068 829 2130 alij
859 2068 1049 2115 Rabano
1075 2072 1250 2116 cuidam
1277 2088 1455 2137 accepta
1480 2075 1649 2134 ferunt,
1680 2087 1704 2108 ‘-

205 2129 335 2177 suum
372 2135 463 2179 esto
485 2131 698 2194 cuiusque
722 2135 940 2179 iudicium
969 2151 1045 2196 per
1077 2152 1147 2180 me
1176 2134 1333 2183 sartum
1350 2142 1651 2197 tthummio-
1679 2152 1691 2165 ·

204 2195 264 2240 db
287 2195 582 2260 superioribus
604 2199 951 2243 connectantur.
1012 2197 1221 2262 Qorum
1243 2200 1348 2249 serie
1364 2206 1557 2250 eundem
1575 2224 1650 2251 an-

142 2281 180 2308 ω
206 2276 368 2306 notum
396 2277 634 2306 numerum
660 2261 805 2307 claudi
830 2261 1082 2319 censemus,
1109 2281 1201 2326 quo
1229 2265 1451 2332 superiora
1465 2273 1650 2316 circum-

204 2321 362 2386 scripta
391 2323 492 2370 sunt
515 2341 524 2369 :
547 2337 682 2387 atque
711 2329 773 2372 ita
798 2325 952 2389 ijsdem
982 2329 1227 2376 rationibus
1254 2335 1397 2379 durstis
1428 2336 1482 2380 ad
1515 2353 1648 2396 1277.
1693 2342 1729 2394 ’ξ

205 2388 324 2433 duci:
341 2392 465 2435 cuius
477 2394 654 2436 numeri
668 2393 715 2437 in
733 2390 819 2438 fine
832 2391 987 2438 hatum
1000 2395 1347 2445 adnotationum
1362 2398 1647 2464 fignificatio-
1674 2404 1724 2475 ἢ

1678 1613 1740 2236 Qcffiwffifso
1685 352 1753 1603 Qfflffiwffiwaefflffiw

1681 2243 1729 2340 ῆςέῆ

126 1517 188 2568 ωᾶΐᾊωίξϊὸᾊωζῐᾷῇΜὼ
